<record xmlns='http://www.loc.gov/MARC21/slim'><leader>01160cim a22003252u 4500</leader><controlfield tag='001'>3601415</controlfield><controlfield tag='005'>20151214182843.0</controlfield><controlfield tag='007'>ss|lmnjluz|nuu</controlfield><controlfield tag='008'>991101s1983    nyunnn         l    eng d</controlfield><datafield ind1=' ' ind2=' ' tag='035'><subfield code='a'>(NIC)notisASF8480</subfield></datafield><datafield ind1=' ' ind2=' ' tag='035'><subfield code='a'>3601415</subfield></datafield><datafield ind1=' ' ind2=' ' tag='035'><subfield code='a'>(OCoLC)63897561</subfield></datafield><datafield ind1=' ' ind2=' ' tag='040'><subfield code='a'>NIC</subfield><subfield code='c'>NIC</subfield><subfield code='d'>NIC</subfield><subfield code='d'>NIC</subfield></datafield><datafield ind1='1' ind2=' ' tag='100'><subfield code='a'>Angelakē-Rouk, Katerina.</subfield></datafield><datafield ind1='1' ind2='0' tag='245'><subfield code='a'>Katerina Anghelaki-Hook reads her own poetry</subfield><subfield code='h'>[sound recording]</subfield></datafield><datafield ind1=' ' ind2=' ' tag='260'><subfield code='c'>1983.</subfield></datafield><datafield ind1=' ' ind2=' ' tag='300'><subfield code='a'>1 sound cassette (60 min.) :</subfield><subfield code='b'>analog, mono.</subfield></datafield><datafield ind1=' ' ind2=' ' tag='500'><subfield code='a'>Recorded in Ithaca, NY by Cornell University.</subfield></datafield><datafield ind1=' ' ind2=' ' tag='500'><subfield code='a'>Sponsored by: Hellenic Student Association,Ithaca Community Poets.</subfield></datafield><datafield ind1=' ' ind2=' ' tag='518'><subfield code='a'>Reading, November 7, 1983.</subfield></datafield><datafield ind1=' ' ind2=' ' tag='520'><subfield code='a'>Anghelaki-Rooke&apos;s poems recall her Greek ancestry.</subfield></datafield><datafield ind1=' ' ind2='0' tag='650'><subfield code='a'>Poetry</subfield><subfield code='x'>Themes, motives.</subfield></datafield><datafield ind1=' ' ind2='0' tag='650'><subfield code='a'>Poets, Greek (Modern).</subfield></datafield><datafield ind1=' ' ind2='0' tag='650'><subfield code='a'>Greek poetry, Modern.</subfield></datafield><datafield ind1=' ' ind2='7' tag='650'><subfield code='a'>Greek poetry, Modern</subfield><subfield code='2'>fast</subfield><subfield code='0'>(OCoLC)fst00947514</subfield></datafield><datafield ind1=' ' ind2='7' tag='650'><subfield code='a'>Poetry</subfield><subfield code='x'>Themes, motives</subfield><subfield code='2'>fast</subfield><subfield code='0'>(OCoLC)fst01067743</subfield></datafield><datafield ind1=' ' ind2='7' tag='650'><subfield code='a'>Poets, Greek (Modern)</subfield><subfield code='2'>fast</subfield><subfield code='0'>(OCoLC)fst01067914</subfield></datafield><datafield ind1='1' ind2=' ' tag='899'><subfield code='a'>CULectures</subfield></datafield><datafield ind1=' ' ind2=' ' tag='905'><subfield code='a'>20000114120000.0</subfield></datafield><datafield ind1='2' ind2=' ' tag='948'><subfield code='a'>20141221</subfield><subfield code='b'>m</subfield><subfield code='d'>batch</subfield><subfield code='e'>lts</subfield><subfield code='x'>addfast</subfield></datafield></record>